%% This BibTeX bibliography file was created using BibDesk.
%% http://bibdesk.sourceforge.net/


%% Created for Saul Toscano Palmerin at 2015-06-02 04:42:38 -0400 


%% Saved with string encoding Unicode (UTF-8) 





@article{Frazier:bayesianOpt,
	Author = {Peter I. Frazier and Jialei Wang},
	Date-Added = {2015-06-02 08:41:13 +0000},
	Date-Modified = {2015-06-02 08:42:33 +0000},
	Journal = {arXiv 1506.01349},
	Title = {Bayesian optimization for materials design},
	Year = {2015}}

@conference{Xie:2012,
	Author = {J. Xie and P.I. Frazier and S. Sankaran and A. Marsden and S. Elmohamed},
	Booktitle = {50th Annual Allerton Conference on Communication, Control, and Computing},
	Date-Added = {2015-05-28 21:13:50 +0000},
	Date-Modified = {2015-05-28 21:14:59 +0000},
	Title = {Optimization of Computationally Expensive Simulations with Gaussian Processes and Parameter Uncertainty: Application to Cardiovascular Surgery},
	Year = {2012}}

@misc{Xie:2012:blind,
    Author = {Title and authors blinded to allow double-blind submission.},
    Year = {2012}
}

@misc{citibike,
    title = {Citi Bike Website},
    note = {https://www.citibikenyc.com/, accessed May 2015}
 }

@article{Mockus:1978,
	Author = {Mockus, Jonas and Tiesis, Vytautas and Zilinskas, Antanas},
	Journal = {Towards Global Optimization},
	Number = {117-129},
	Pages = {2},
	Publisher = {Amsterdam: Elsevier},
	Title = {The application of Bayesian methods for seeking the extremum},
	Volume = {2},
	Year = {1978}}

@book{Mockus:1989,
	Address = {Dordrecht},
	Author = {J. Mockus},
	Date-Added = {2015-05-28 04:11:17 +0000},
	Date-Modified = {2015-05-28 04:12:52 +0000},
	Publisher = {Kluwer Academic},
	Title = {Bayesian approach to global optimization: theory and applications},
	Year = {1989}}

@article{kushner,
	Author = {H. J. Kushner},
	Date-Added = {2015-05-28 02:49:16 +0000},
	Date-Modified = {2015-05-28 02:50:44 +0000},
	Journal = {Journal of Basic Engineering},
	Pages = {97-106},
	Title = {A new method of locating the maximum of an arbitrary multi-peak curve in the presence of noise},
	Volume = {86},
	Year = {1964}}

@article{jones1998efficient,
	Author = {Jones, Donald R and Schonlau, Matthias and Welch, William J},
	Journal = {Journal of Global optimization},
	Number = {4},
	Pages = {455--492},
	Publisher = {Springer},
	Title = {Efficient global optimization of expensive black-box functions},
	Volume = {13},
	Year = {1998}}

@inproceedings{snoek2012practical,
	Author = {Snoek, Jasper and Larochelle, Hugo and Adams, Ryan P},
	Booktitle = {Advances in Neural Information Processing Systems},
	Pages = {2951--2959},
	Title = {Practical Bayesian optimization of machine learning algorithms},
	Year = {2012}}

@article{brochu2010tutorial,
	Author = {Brochu, Eric and Cora, Vlad M and De Freitas, Nando},
	Journal = {arXiv preprint arXiv:1012.2599},
	Title = {A tutorial on Bayesian optimization of expensive cost functions, with application to active user modeling and hierarchical reinforcement learning},
	Year = {2010}}

@book{forrester2008engineering,
	Author = {Forrester, Alexander and Sobester, Andras and Keane, Andy},
	Publisher = {John Wiley \& Sons},
	Title = {Engineering design via surrogate modelling: a practical guide},
	Year = {2008}}

@book{glasserman2003monte,
	Author = {Glasserman, Paul},
	Publisher = {Springer Science \& Business Media},
	Title = {Monte Carlo methods in financial engineering},
	Volume = {53},
	Year = {2003}}

@article{o1991bayes,
	Author = {O'Hagan, Anthony},
	Journal = {Journal of statistical planning and inference},
	Number = {3},
	Pages = {245--260},
	Publisher = {Elsevier},
	Title = {Bayes--hermite quadrature},
	Volume = {29},
	Year = {1991}}

@article{frazier2009knowledge,
	Author = {Frazier, Peter and Powell, Warren and Dayanik, Savas},
	Journal = {INFORMS journal on Computing},
	Number = {4},
	Pages = {599--613},
	Publisher = {INFORMS},
	Title = {The knowledge-gradient policy for correlated normal beliefs},
	Volume = {21},
	Year = {2009}}

@article{scott2011correlated,
	Author = {Scott, Warren and Frazier, Peter and Powell, Warren},
	Journal = {SIAM Journal on Optimization},
	Number = {3},
	Pages = {996--1026},
	Publisher = {SIAM},
	Title = {The correlated knowledge gradient for simulation optimization of continuous parameters using gaussian process regression},
	Volume = {21},
	Year = {2011}}

@book{murphy2012machine,
	Author = {Murphy, Kevin P},
	Publisher = {MIT press},
	Title = {Machine learning: a probabilistic perspective},
	Year = {2012}}

@article{villemonteix2009informational,
	Author = {Villemonteix, Julien and Vazquez, Emmanuel and Walter, Eric},
	Journal = {Journal of Global Optimization},
	Number = {4},
	Pages = {509--534},
	Publisher = {Springer},
	Title = {An informational approach to the global optimization of expensive-to-evaluate functions},
	Volume = {44},
	Year = {2009}}

@article{huang2006global,
	Author = {Huang, Deng and Allen, Theodore T and Notz, William I and Zeng, Ning},
	Journal = {Journal of global optimization},
	Number = {3},
	Pages = {441--466},
	Publisher = {Springer},
	Title = {Global optimization of stochastic black-box systems via sequential kriging meta-models},
	Volume = {34},
	Year = {2006}}

@BOOK{RaWi06,
  title = {Gaussian Processes for Machine Learning},
  publisher = {MIT Press},
  year = {2006},
  author = {Rasmussen, C.E. and Williams, C.K.I.},
  address = {Cambridge, MA},
  file = {RaWi06.pdf:RaWi06.pdf:PDF},
  owner = {pfrazier},
  timestamp = {2008.05.22},
  url = {http://www.gaussianprocess.org/gpml}
}

@ARTICLE{Ho66,
  author = {Howard, RA},
  title = {{Information Value Theory}},
  journal = {Systems Science and Cybernetics, IEEE Transactions on},
  year = {1966},
  volume = {2},
  pages = {22--26},
  number = {1},
  file = {Ho66.pdf:Ho66.pdf:PDF},
  owner = {pfrazier},
  timestamp = {2009.01.18}
}


